@misc{sattler2020risk,
    title={Risk Estimation of SARS-CoV-2 Transmission from Bluetooth Low Energy Measurements},
    author={Felix Sattler and Jackie Ma and Patrick Wagner and David Neumann and Markus Wenzel and Ralf Schäfer and Wojciech Samek and Klaus-Robert Müller and Thomas Wiegand},
    year={2020},
    eprint={2004.11841},
    archivePrefix={arXiv},
    primaryClass={q-bio.QM}
}

@book{pearl2014probabilistic,
  title={Probabilistic reasoning in intelligent systems: networks of plausible inference},
  author={Pearl, Judea},
  year={2014},
  publisher={Elsevier}
}

@misc{dp3t,
    title={Decentralized Privacy-Preserving Proximity Tracing},
    author={Troncoso, C and others},
    year={2020},
    url={https://github.com/DP-3T/documents/blob/master/DP3T%20White%20Paper.pdf},
    note={Accessed 6th May, 2020}
}

@misc{applegoogle,
  author={Apple Inc., Google Inc.},
  year={2020},
  title={Privacy-preserving contact tracing},
  URL={https://www.apple.com/covid19/contacttracing/},
  note={Accessed 6th May, 2020}
}

@misc{pepppt,
author={PEPP-PT},
year={2020},
title={Building blocks for pandemic management systems for proximity tracing},
URL={https://github.com/pepp-pt/pepp-pt-documentation/blob/master/PEPP-PT-building-blocks.pdf},
note={Accessed 6th May, 2020}
}

@article{luo2020modes,
  title={Modes of contact and risk of transmission in COVID-19 among close contacts},
  author={Luo, Lei and Liu, Dan and Liao, Xin-long and Wu, Xian-bo and Jing, Qin-long and Zheng, Jia-zhen and Liu, Fang-hua and Yang, Shi-gui and Bi, Bi and Li, Zhi-hao and others},
  journal={medRxiv},
  year={2020},
  publisher={Cold Spring Harbor Laboratory Press}
}

@article{fang2020sensitivity,
  title={Sensitivity of chest CT for COVID-19: comparison to RT-PCR},
  author={Fang, Yicheng and Zhang, Huangqi and Xie, Jicheng and Lin, Minjie and Ying, Lingjun and Pang, Peipei and Ji, Wenbin},
  journal={Radiology},
  pages={200432},
  year={2020},
  publisher={Radiological Society of North America}
}

@article{lavezzo2020suppression,
  title={Suppression of COVID-19 outbreak in the municipality of Vo, Italy},
  author={Lavezzo, Enrico and Franchin, Elisa and Ciavarella, Constanze and Cuomo-Dannenburg, Gina and Barzon, Luisa and Del Vecchio, Claudia and Rossi, Lucia and Manganelli, Riccardo and Loregian, Arianna and Navarin, Nicol{\`o} and others},
  journal={medRxiv},
  year={2020},
  publisher={Cold Spring Harbor Laboratory Press}
}
