@article{ferguson2020impact,
  title={Impact of non-pharmaceutical interventions (NPIs) to reduce COVID-19 mortality and healthcare demand},
  author={Ferguson, Neil M and Laydon, Daniel and Nedjati-Gilani, Gemma and Imai, Natsuko and Ainslie, Kylie and Baguelin, Marc and Bhatia, Sangeeta and Boonyasiri, Adhiratha and Cucunub{\'a}, Zulma and Cuomo-Dannenburg, Gina and others},
  journal={London: Imperial College COVID-19 Response Team, March},
  volume={16},
  year={2020}
}

@article{hellewellfeasibility,
  title={Feasibility of controlling COVID-19 outbreaks by isolation of cases and contacts.},
  journal={Lancet Glob Health; published online Feb 28},
  year={2020},
  author={Hellewell, J and Abbott, S and Gimma, A and Bosse, NI and Jarvis, CI and Russell, TW and others}
}

@article{smithHouseholds,
  title={Households and Household Composition in
England and Wales: 2001-11},
  journal={Office of National Statistics},
  year={2014},
  author={Smith, C.W.},
  url={https://www.ons.gov.uk/peoplepopulationandcommunity/birthsdeathsandmarriages/families/articles/householdsandhouseholdcompositioninenglandandwales/2014-05-29}
}


@article{zhuang2020preliminary,
  title={Preliminary estimating the reproduction number of the coronavirus disease (COVID-19) outbreak in Republic of Korea from 31 January to 1 March 2020},
  author={Zhuang, Zian and Zhao, Shi and Lin, Qianying and Cao, Peihua and Lou, Yijun and Yang, Lin and Yang, Shu and He, Daihai},
  journal={medRxiv},
  year={2020},
  publisher={Cold Spring Harbor Laboratory Press}
}

@article{riou2020pattern,
  title={Pattern of early human-to-human transmission of Wuhan 2019 novel coronavirus (2019-nCoV), December 2019 to January 2020},
  author={Riou, Julien and Althaus, Christian L},
  journal={Eurosurveillance},
  volume={25},
  number={4},
  year={2020},
  publisher={European Centre for Disease Prevention and Control}
}

@article{:/content/10.2807/1560-7917.ES.2020.25.10.2000180,
   author = "Mizumoto, Kenji and Kagaya, Katsushi and Zarebski, Alexander and Chowell, Gerardo",
   title = "Estimating the asymptomatic proportion of coronavirus disease 2019 (COVID-19) cases on board the Diamond Princess cruise ship, Yokohama, Japan, 2020",
   journal = "Eurosurveillance",
   year = "2020",
   volume = "25",
   number = "10",
   eid = 2000180,
   url = "https://www.eurosurveillance.org/content/10.2807/1560-7917.ES.2020.25.10.2000180",
   doi = "https://doi.org/10.2807/1560-7917.ES.2020.25.10.2000180"
}

@article{backer2020incubation,
  title={The incubation period of 2019-nCoV infections among travellers from Wuhan, China},
  author={Backer, Jantien A and Klinkenberg, Don and Wallinga, Jacco},
  journal={medRxiv},
  year={2020},
  publisher={Cold Spring Harbor Laboratory Press}
}

@article{tang2020Contact,
  title={Contact-tracing strategies for SARS-CoV-2 eradication},
  author={Tang, D},
  year={2020},
  url={https://osf.io/p67v9}
}

@article{tang2020Mobile,
  title={A contact tracing mobile phone app for SARS-CoV-2 eradication that maintains user privacy and data protection},
  author={Tang, D},
  year={2020},
  url={https://osf.io/vzwgr}
}

@article{abeler2020Support,
  title={Support for app-based contact tracing of COVID-19},
  author={Abeler,J. et.al.},
  year={2020},
  url={https://osf.io/huqtr/}
}

@article{zhou2006position,
  title={Position measurement using Bluetooth},
  author={Zhou, Sheng and Pollard, John K},
  journal={IEEE Transactions on Consumer Electronics},
  volume={52},
  number={2},
  pages={555--558},
  year={2006},
  publisher={IEEE}
}
